<?xml version="1.0" encoding="UTF-8"?><collection xmlns="http://www.loc.gov/MARC21/slim"><record><leader>00742nam--2200193-i-4500</leader><controlfield tag="001">000015941</controlfield><controlfield tag="002">20161230</controlfield><controlfield tag="005">20161230201031</controlfield><controlfield tag="008">060222s1000------------r-----000-0-eng-d</controlfield><datafield ind1=" " ind2=" " tag="040"><subfield code="a">IFIN-HH</subfield></datafield><datafield ind1=" " ind2=" " tag="080"><subfield code="a">536.48</subfield></datafield><datafield ind1="1" ind2=" " tag="100"><subfield code="a">Dewitt, C</subfield></datafield><datafield ind1="1" ind2="0" tag="245"><subfield code="a">Low-temperature physics</subfield><subfield code="b">Conduction electrons - superconductivity helium - magnetism - mossbauer effect - defects and irradiation lectures delivered at les houches during the 1961 session of the summer school of theoretical physics university of grenoble</subfield><subfield code="c">C. dewitt; b. dreyfus; p.g. de gennes (eds.)</subfield></datafield><datafield ind1=" " ind2=" " tag="260"><subfield code="a">New York</subfield><subfield code="b">Gordon And Breach</subfield><subfield code="c">1962</subfield></datafield><datafield ind1=" " ind2=" " tag="300"><subfield code="a">XVI+638P</subfield></datafield><datafield ind1=" " ind2=" " tag="490"><subfield code="a">Les Houches</subfield></datafield><datafield ind1="1" ind2=" " tag="700"><subfield code="a">De Gennes, P.G</subfield><subfield code="e">Ed</subfield></datafield><datafield ind1=" " ind2=" " tag="852"><subfield code="a">75848</subfield><subfield code="c">536</subfield></datafield><datafield ind1=" " ind2=" " tag="CAT"><subfield code="a">Sys</subfield><subfield code="c">20110511</subfield><subfield code="h">122956</subfield></datafield></record></collection>